@BOOK{Smith:2012qr,
   title = {Chemistry},
   publisher = {Publisher},
   author = {Smith, J.~M. and Jones, A.~B.},
   year = {2012},
   edition = {7th}
}

@misc{YAML,
  title={YAML Ainâ€™t Markup Language (YAML) Version 1.2},
  author={Ben-Kiki, Oren and Evans, Clark and dotNet, Ingy},
  publisher={YAML},
  year={2009},
  url={http://yaml.org/spec/1.2/spec.html}
}
